@web_page{pt2019,
   author = {Escuela de Ingeinería Civil en Computación and Universidad de Talca},
   title = {Proyecto de Titulación},
   url = {http://dcc.utalca.cl/icc/Syllabi_2019/s11_p16_ProyectoDeTitulacion-2019-2.pdf},
   year = {2019},
}
@web_page{fpt2019,
   author = {Escuela de Ingeinería Civil en Computación and Universidad de Talca},
   title = {Formulación de Proyecto de Titulación},
   url = {http://dcc.utalca.cl/icc/Syllabi_2019/s10_p16_FormulacionDeProyectoDeTitulacion-2019-2.pdf},
   year = {2019},
}
@web_page{icc2019,
   author = {Escuela de Ingeinería Civil en Computación and Universidad de Talca},
   title = {Ingeinería Civil en Computación - Plan 16},
   url = {http://dcc.utalca.cl/icc/Curricula/malla_p16-2019.pdf},
   year = {2019},
}
@web_page{icc,
   author = {Universidad de Talca},
   title = {Ingeniería Civil en Computación},
   url = {https://icc.utalca.cl/html/carrera/carrera.html},
}